<?xml version="1.0" encoding="UTF-8"?><collection xmlns="http://www.loc.gov/MARC21/slim"><record><leader>00544nam--2200193-i-4500</leader><controlfield tag="001">000036009</controlfield><controlfield tag="002">20161230</controlfield><controlfield tag="005">20161230201040</controlfield><controlfield tag="008">060222s1000------------r-----000-0-rus-d</controlfield><datafield ind1=" " ind2=" " tag="040"><subfield code="a">IFIN-HH</subfield></datafield><datafield ind1=" " ind2=" " tag="041"><subfield code="a">rus</subfield></datafield><datafield ind1=" " ind2=" " tag="080"><subfield code="a">541.64:539.12.04</subfield></datafield><datafield ind1="1" ind2=" " tag="100"><subfield code="a">Vannikov, A.V</subfield></datafield><datafield ind1="1" ind2="0" tag="245"><subfield code="a">Radiationnie effekti v polimerah. elektriceskie svoistva</subfield><subfield code="c">A.v. vannikov, v.k. matveev, v.p. sicikari, a.p. tyutnev</subfield></datafield><datafield ind1=" " ind2=" " tag="260"><subfield code="a">Moskva</subfield><subfield code="b">Nauka</subfield><subfield code="c">1982</subfield></datafield><datafield ind1=" " ind2=" " tag="300"><subfield code="a">270P</subfield></datafield><datafield ind1="1" ind2=" " tag="700"><subfield code="a">Tyutnev, A.P</subfield></datafield><datafield ind1=" " ind2=" " tag="852"><subfield code="a">70832</subfield><subfield code="c">539.12.04</subfield></datafield><datafield ind1=" " ind2=" " tag="CAT"><subfield code="a">Sys</subfield><subfield code="c">20120210</subfield><subfield code="h">121513</subfield></datafield></record></collection>